% Encoding: UTF-8

@Book{Wusatowski1969,
	author = {Wusatowski, Z.},
	publisher = {Pergamon Press},
	title = {Fundamentals of Rolling},
	year = {1969},
}

@article{Mises1913,
	title = {Mechanik der festen Körper im plastisch-deformablen Zustand},
	journal = {Nachrichten von der Gesellschaft der Wissenschaften zu Göttingen},
	author = {Mises, Richard von},
	year = {1913}
}


@misc{Hill1955,
	title = {Letter to A. W. McCrum},
	author = {Hill, R.},
	year = {1955},
	language = {eng}
}


